@book{duda2012pattern,
  title={Pattern Classification},
  author={Duda, R.O. and Hart, P.E. and Stork, D.G.},
  isbn={9781118586006},
  year={2012},
  publisher={Wiley}
}

@article{Williams90anefficient,
    author = {Ronald J. Williams and Jing Peng},
    title = {An Efficient Gradient-Based Algorithm for On-Line Training of Recurrent Network Trajectories},
    journal = {Neural Computation},
    year = {1990},
    volume = {2},
    pages = {490--501}
}

@article{williams1989learning,
  title={A learning algorithm for continually running fully recurrent neural networks},
  author={Williams, Ronald J and Zipser, David},
  journal={Neural computation},
  volume={1},
  number={2},
  pages={270--280},
  year={1989},
  publisher={MIT Press}
}

@phdthesis{mikolov2012statistical,
  title={Statistical language models based on neural networks},
  author={Mikolov, Tom{\'a}{\v{s}}},
  year={2012},
  school={Ph. D. thesis, Brno University of Technology}
}