@article{oppenheim1968homomorphic,
  title={Homomorphic analysis of speech},
  author={Oppenheim, Alan V and Schafer, Ronald W},
  journal={Audio and Electroacoustics, IEEE Transactions on},
  volume={16},
  number={2},
  pages={221--226},
  year={1968},
  publisher={IEEE}
}

@article{davis1980comparison,
  title={<a href="http://home.iitk.ac.in/~rhegde/ee627_2015/mermelmfcc.pdf">Comparison of parametric representations for monosyllabic word recognition in continuously spoken sentences</a>},
  author={Davis, Steven and Mermelstein, Paul},
  journal={Acoustics, Speech and Signal Processing, IEEE Transactions on},
  volume={28},
  number={4},
  pages={357--366},
  year={1980},
  publisher={IEEE}
}

